% Encoding: windows-1252

@Article{Eckardt2016,
  author       = {Eckardt, M.},
  title        = {{Graphical modelling of multivariate spatial point processes}},
  journal      = {ArXiv e-prints~},
  year         = {2016},
  adsurl       = {http://adsabs.harvard.edu/abs/2016arXiv160707083E},
  eprint       = {1607.07083},
  keywords     = {Statistics - Methodology, Statistics - Applications},
  owner        = {mattandi},
  primaryclass = {stat.ME},
  timestamp    = {2016.10.28},
}

@Manual{Eckardt2016a,
  title     = {sdgm: Graphical modelling of multivariate spatial point patterns},
  author    = {Eckardt, Matthias},
  year      = {2016},
  note      = {R package version 1.0},
  owner     = {mattandi},
  timestamp = {2016.10.28},
}

@Article{Eckardt2016b,
  author  = {{Eckardt}, M. and {Mateu}, J.},
  title   = {Analysing multivariate spatial point processes with continuous marks: A graphical modelling approach},
  journal = {ArXiv e-prints~},
  year    = {2016},
  eprint  = {1609.08641},
}

@Comment{jabref-meta: databaseType:bibtex;}
